<record><leader>00000cas a2200000 a 4500</leader><controlfield tag="001">22375782</controlfield><controlfield tag="008">900914d18461851miuwr ne      0    0eng c</controlfield><datafield ind1=" " ind2=" " tag="010"><subfield code="a">sn 89080032 </subfield></datafield><datafield ind1=" " ind2=" " tag="040"><subfield code="a">NPV</subfield><subfield code="b">eng</subfield><subfield code="c">NPV</subfield><subfield code="d">DLC</subfield><subfield code="d">MHN</subfield><subfield code="d">OCL</subfield><subfield code="d">OCLCQ</subfield><subfield code="d">OCLCF</subfield><subfield code="d">OCLCO</subfield></datafield><datafield ind1=" " ind2=" " tag="042"><subfield code="a">pcc</subfield></datafield><datafield ind1=" " ind2=" " tag="043"><subfield code="a">n-us-mi</subfield></datafield><datafield ind1="0" ind2="0" tag="245"><subfield code="a">Hillsdale Whig standard.</subfield></datafield><datafield ind1=" " ind2=" " tag="260"><subfield code="a">Hillsdale, Mich. :</subfield><subfield code="b">Clark &amp; Rowlson</subfield></datafield><datafield ind1=" " ind2=" " tag="300"><subfield code="a">v.</subfield></datafield><datafield ind1=" " ind2=" " tag="310"><subfield code="a">Weekly</subfield></datafield><datafield ind1="0" ind2=" " tag="362"><subfield code="a">Vol. 1, no. 1 (June 30, 1846)-v. 5, no. 31 (Mar. 25, 1851) = whole no. 239 ; new ser., no. 1 (Apr. 8, 1851) = whole no. 240-new ser., no. 21 (Aug. 26, 1851) = whole no. 260.</subfield></datafield><datafield ind1=" " ind2=" " tag="515"><subfield code="a">Whole numbering designation added: Vol. 3, no. 1 (July 4, 1848) = whole no. 105.</subfield></datafield><datafield ind1=" " ind2=" " tag="530"><subfield code="a">Also on microfilm: Clarke Historical Library, Mt. Pleasant, Mich.</subfield></datafield><datafield ind1=" " ind2="0" tag="651"><subfield code="a">Hillsdale (Mich.)</subfield><subfield code="v">Newspapers.</subfield></datafield><datafield ind1=" " ind2="0" tag="651"><subfield code="a">Hillsdale County (Mich.)</subfield><subfield code="v">Newspapers.</subfield></datafield><datafield ind1=" " ind2="7" tag="655"><subfield code="a">Newspapers.</subfield><subfield code="2">fast</subfield><subfield code="0">(OCoLC)fst01423814</subfield></datafield><datafield ind1=" " ind2="7" tag="651"><subfield code="a">Michigan</subfield><subfield code="z">Hillsdale.</subfield><subfield code="2">fast</subfield><subfield code="0">(OCoLC)fst01219761</subfield></datafield><datafield ind1=" " ind2="7" tag="651"><subfield code="a">Michigan</subfield><subfield code="z">Hillsdale County.</subfield><subfield code="2">fast</subfield><subfield code="0">(OCoLC)fst01208681</subfield></datafield><datafield ind1=" " ind2=" " tag="752"><subfield code="a">United States</subfield><subfield code="b">Michigan</subfield><subfield code="c">Hillsdale</subfield><subfield code="d">Hillsdale.</subfield></datafield><datafield ind1="0" ind2="0" tag="785"><subfield code="t">Hillsdale standard</subfield><subfield code="w">(DLC)sn 85033637</subfield><subfield code="w">(OCoLC)12115963</subfield></datafield></record>